<collection xmlns="http://www.loc.gov/MARC21/slim">
<record>
  <leader>01100nam0a22001931i 450 </leader>
  <controlfield tag="001">IT\ICCU\CNCE\039701</controlfield>
  <controlfield tag="005">19981111000000.0</controlfield>
  <datafield tag="012" ind1=" " ind2=" ">
    <subfield code="a">M.IA *,t, caue noru (3) 1583 (Q)</subfield>
    <subfield code="2">fei</subfield>
  </datafield>
  <datafield tag="100" ind1=" " ind2=" ">
    <subfield code="a">19981111f1583        0itac0103    ba</subfield>
  </datafield>
  <datafield tag="101" ind1=" " ind2=" ">
    <subfield code="a">LAT</subfield>
  </datafield>
  <datafield tag="102" ind1=" " ind2=" ">
    <subfield code="a">IT</subfield>
  </datafield>
  <datafield tag="200" ind1="1" ind2=" ">
    <subfield code="a">Epitaphiorum dialogi septem. Auctore Bartholomaeo Burchelato Taruisino physico. Ad illustriorem Taruisii, ciuiumq. memoriam</subfield>
  </datafield>
  <datafield tag="210" ind1=" " ind2=" ">
    <subfield code="a">Venetiis</subfield>
    <subfield code="c">ex typographia Guerraea</subfield>
    <subfield code="e">\Venezia</subfield>
    <subfield code="g">Guerra!</subfield>
  </datafield>
  <datafield tag="215" ind1=" " ind2=" ">
    <subfield code="a">\16!, 335, \21! p.</subfield>
    <subfield code="c">ill.</subfield>
    <subfield code="d"></subfield>
  </datafield>
  <datafield tag="300" ind1=" " ind2=" ">
    <subfield code="a">((Segue a c.2Q3: Appendix Doctoratorum hominum ex marmore monumenta, dello stesso A. - Marche n.c. sul front. e a c.2Q2v. (simile a Z133) e n.c. in fine  a c.b4 (simile a Z1027). - Pubblicato probabilmente nel 1583 come risulta dall&apos;imprimatur dell&apos;Appendi</subfield>
  </datafield>
  <datafield tag="700" ind1=" " ind2="1">
    <subfield code="a">Burchelati,</subfield>
    <subfield code="b">Bartolomeo</subfield>
    <subfield code="3">IT\ICCU\CNCA\002133</subfield>
  </datafield>
  <datafield tag="790" ind1=" " ind2="0">
    <subfield code="a">Discreto Accademico Cospirante</subfield>
    <subfield code="3">IT\ICCU\CNCA\015362</subfield>
    <subfield code="z">Burchelati, Bartolomeo</subfield>
  </datafield>
  <datafield tag="801" ind1=" " ind2="3">
    <subfield code="a">IT</subfield>
    <subfield code="b">ICCU</subfield>
    <subfield code="c">20201114</subfield>
  </datafield>
  <datafield tag="899" ind1=" " ind2=" ">
    <subfield code="a">Biblioteca nazionale centrale. Roma</subfield>
    <subfield code="1">RM0267</subfield>
    <subfield code="2">BVE CR</subfield>
  </datafield>
</record>
</collection>
